@manual{TRB2016,
	Address = {Washington, D.C., EUA},
	Organization = {TRB},
	Title = {Highway Capacity Manual, Sixth Edition: A Guide for Multimodal Mobility Analysis},
	Publisher={Transportation Research Board},
	address = {Washington, DC},
	Year = {2016}
}

@book{mannering2019principles,
  title={Principles of Highway Engineering and Traffic Analysis, 7e},
  author={Mannering, Fred L. and Washburn, Scott S.},
  publisher={John Wiley \& Sons, Hoboken, NJ},
  year={2019}
}

@online{FHWA2014class,
 title={Traffic Monitoring Guide, Appendix C. Vehicle Types},
 author={FHWA},
 address = {Washington, DC},
 url={https://www.fhwa.dot.gov/policyinformation/tmguide/tmg_2013/vehicle-types.cfm},
 year={2014}
}

@online{BTS2021freight,
 title={Bureau of Transportation Statistics, Freight Transportation},
 author={USDOT},
 address = {Washington, DC},
 url={https://www.bts.gov/topics/freight-transportation},
 year={2021}
}

@manual{GreenBook7,
  title     = {A Policy on Geometric Design of Highways and Streets},
  organization = {American Association of State Highway and Transportation Officials},
  address = {Washington, D.C.},
  author    = {AASHTO},
  edition = {7th},
  isbn      = {978-1-56051-676-7},
  year      = {2018},
  publisher = {The National Academies Press}
}


@article{TruckSpeedCurves,
author = {Seckin Ozkul and Scott S. Washburn},
title = {Updated Commercial Truck Speed versus Distance-Grade Curves for the Highway Capacity Manual},
journal = {Transportation Research Record: Journal of the Transportation Research Board},
volume = {2483},
pages = {91-101},
year = {2015},
doi = {10.3141/2483-11},
publisher = {Transportation Research Board of the National Academies},
address   = {Washington, D.C.}
}

@book{HeavyVehicleEffects,
author    = {Washburn, Scott S. and Seckin Ozkul},
title     = {Heavy Vehicle Effects on Florida Freeways and Multilane Highways},
year      = {2013},
publisher = {Department of Transportation Research Office, State of Florida},
address   = {Tallahassee, Florida}
}

@book{TruckArterialImpacts,
author    = {Ozkul, Seckin and Scott S. Washburn},
title  = {Commercial Heavy Vehicle Impacts on Signalized Arterial Corridor Performance},
year   = {2019},
volume = {BDV25-977-50},
pages = {251},
publisher = {Department of Transportation Research Office, State of Florida},
address   = {Tallahassee, Florida}
}

@article{TruckSignalPCEs,
author = {Washburn, Scott S. and Cruz-Casas, Carlos},
title = {Impacts of Trucks on Signalized Intersection Capacity},
journal = {Computer Aided Civil and Infrastructure Engineering},
volume = {25},
issue = {6},
pages = {452-467},
year = {2010},
doi = {10.1111/j.1467-8667.2010.00651.x},
publisher = {Wiley-Blackwell},
address   = {Hoboken, New Jersey}
}

@book{TruckWeights,
author    = {Gurley, Kurtis and Washburn, Scott S.},
title  = {Probabilistic Assessment of Bridge Loading Concurrent with Permit Vehicles},
year   = {2005},
pages = {130},
publisher = {Department of Transportation Research Office, State of Florida},
address   = {Tallahassee, Florida}
}

